@manual{strace_man,
 title      = "strace(1) Linux User's Manual",
 edition   = "4.19",
 year       = "2017",
 month      = "November"
}

@manual{ptrace_man,
 title      = "ptrace(2) Linux User's Manual",
 edition	= "4.09",
 year       = "2017",
 month      = "November"
}

@manual{ftrace_man,
 title      = "ftrace(1) Linux User's Manual",
 edition	= "0.4-56.fc26",
 year       = "2017",
 month      = "November"
}

@manual{dtrace_man,
 title      = "dtrace(1) Linux User's Manual",
 edition	= "3.1-5.fc26",
 year       = "2017",
 month      = "November"
}

@MISC{dtrace_about,
	author =	"Adam Leventhal and others",
    title = 	"{\it About DTrace}",
    url =		"http://dtrace.org/blogs/about/",
    note =		"[Online, accessed 2.10.2017]"
}

@manual{autrace_man,
 title      = "autrace(8) Linux User's Manual",
 edition	= "3.1-5.fc26",
 year       = "2017",
 month      = "November"
}


@MISC{systrace_web,
	author =	"Niels Provos",
    title = 	"{\it Systrace - Interactive Policy Generation for System Calls}",
    url =		"http://www.citi.umich.edu/u/provos/systrace/",
    note =		"[Online, accessed 2.10.2017]"
}

@MISC{seccomp_sandbox,
	author =	"markus@chromium.org",
    title = 	"{\it seccompsandbox - overview.wiki}",
    url =		"https://code.google.com/archive/p/seccompsandbox/wikis/overview.wiki",
    note =		"[Online, accessed 2.10.2017]"
}

@BOOK{Eikh,
  author =       "Victor Eikhout",
  title =        "{\it {\TeX}by Topics, a {\TeX}nitian's Reference }",
  publisher =    "Addison-Wesley UK",
  year =         "2001",
  isbn =         "0-201-56882-9"
}

@MISC{cstugWeb,
	author =       "Petr Sojka and others",
    title =        "{\it Československé sdružení uživatelů {\TeX}u}",
    url =          "http://www.cstug.cz",
    note =         "[Online; accessed 12.05.2016]"
}
