@article{fuzzy,
	author	=	"Ching-Ho Yen",
	title	=	"Fuzzy Testing for One-Sided Process Capability Indices",
	journal	=	"Communications in Statistics - Theory and Methods",
	volume	=	"41",
	number	=	"9",
	pages	=	"1603-1616",
	year	=	"2012",
	DOI		=	"10.1080/03610926.2010.546547",
	ISSN	=	"0361-0926"
}