@article{Mahesh_Kumar2016,
  author = {K. Mahesh Kumar and A. Rama Mohan Reddy},
  journal = {Pattern Recognition},
  title = {A fast DBSCAN clustering algorithm by accelerating neighbor searching using Groups method},
  publisher = {Elsevier Ltd},
  year = {2016},
  pages = {39-48},
  volume = {58},
  ISSN = {0031-3203},
  medium = {online},
  accessed = {2018-03-20},
  DOI = {10.1016/j.patcog.2016.03.008},
}

@article{Schubert:2017:DRR:3129336.3068335,
 author = {Schubert, Erich and Sander, J\"{o}rg and Ester, Martin and Kriegel, Hans Peter and Xu, Xiaowei},
 title = {DBSCAN Revisited, Revisited: Why and How You Should (Still) Use DBSCAN},
 journal = {ACM Trans. Database Syst.},
 issue_date = {August 2017},
 volume = {42},
 number = {3},
 month = jul,
 year = {2017},
 issn = {0362-5915},
 pages = {19:1--19:21},
 articleno = {19},
 numpages = {21},
 url = {http://doi.acm.org.ezproxy.lib.vutbr.cz/10.1145/3068335},
 doi = {10.1145/3068335},
 acmid = {3068335},
 publisher = {ACM},
 address = {New York, NY, USA},
 keywords = {DBSCAN, density-based clustering, range-search complexity},
}
